<record><leader>00000cas a22000007a 4500</leader><controlfield tag="001">12560152</controlfield><controlfield tag="008">850916d19211954inuwr ne      0    0eng d</controlfield><datafield ind1=" " ind2=" " tag="010"><subfield code="a">sn 85048007 </subfield></datafield><datafield ind1=" " ind2=" " tag="040"><subfield code="a">NPI</subfield><subfield code="b">eng</subfield><subfield code="c">NPI</subfield><subfield code="d">OCLCQ</subfield></datafield><datafield ind1=" " ind2=" " tag="042"><subfield code="a">msc</subfield></datafield><datafield ind1="0" ind2="4" tag="245"><subfield code="a">The Palmyra gazette.</subfield></datafield><datafield ind1=" " ind2=" " tag="260"><subfield code="a">Palmyra, Ind. :</subfield><subfield code="b">Palmyra Pub. Co.,</subfield><subfield code="c">1921-1954.</subfield></datafield><datafield ind1=" " ind2=" " tag="300"><subfield code="a">v. :</subfield><subfield code="b">ill. ;</subfield><subfield code="c">51-57 cm.</subfield></datafield><datafield ind1=" " ind2=" " tag="310"><subfield code="a">Weekly</subfield></datafield><datafield ind1="0" ind2=" " tag="362"><subfield code="a">Vol. 1, no. 1 (Jan. 7, 1921)-v. 34, no. 10 (May 27, 1954).</subfield></datafield><datafield ind1=" " ind2=" " tag="500"><subfield code="a">Includes the Palmyra "Centennial Souvenir Edition" (Sept. 14, 1939).</subfield></datafield><datafield ind1=" " ind2=" " tag="752"><subfield code="a">United States</subfield><subfield code="b">Indiana</subfield><subfield code="c">Harrison</subfield><subfield code="d">Palmyra.</subfield></datafield><datafield ind1="0" ind2="7" tag="785"><subfield code="t">Pekin banner</subfield><subfield code="w">(DLC)sn 85048006</subfield></datafield><datafield ind1="0" ind2="7" tag="785"><subfield code="t">Banner-gazette</subfield><subfield code="w">(DLC)sn 79008621</subfield></datafield></record>